@online{dsstypes,
	title        = {A REVIEW AND CRITIQUE OF DSS},
	author       = {Benn R. Konsynski, Edward A. Stohr, James V. McGee},
	year         = {April, 1992},
	publisher    = {Center for Digital Economy Research},
	url          = {https://archive.nyu.edu/bitstream/2451/14333/1/IS-92-17.pdf}
}
